<?xml version="1.0" encoding="UTF-8"?><collection xmlns="http://www.loc.gov/MARC21/slim"><record><leader>00511nam--2200193-i-4500</leader><controlfield tag="001">000030106</controlfield><controlfield tag="002">20161230</controlfield><controlfield tag="005">20161230201038</controlfield><controlfield tag="008">060222s1000------------r-----000-0-rus-d</controlfield><datafield ind1=" " ind2=" " tag="040"><subfield code="a">IFIN-HH</subfield></datafield><datafield ind1=" " ind2=" " tag="041"><subfield code="a">rus</subfield></datafield><datafield ind1=" " ind2=" " tag="080"><subfield code="a">533.9.01</subfield></datafield><datafield ind1="1" ind2=" " tag="100"><subfield code="a">Biberman, L.M</subfield></datafield><datafield ind1="1" ind2="0" tag="245"><subfield code="a">Kinetika neravnovecnoi nizko-temperaturnoi plazmi</subfield><subfield code="c">L.M. Biberman, V.S. Vorobiev, I.T. Iakubov</subfield></datafield><datafield ind1=" " ind2=" " tag="260"><subfield code="a">Moskva</subfield><subfield code="b">Nauka</subfield><subfield code="c">1982</subfield></datafield><datafield ind1=" " ind2=" " tag="300"><subfield code="a">375p</subfield></datafield><datafield ind1="1" ind2=" " tag="700"><subfield code="a">Iakubov, I.T</subfield></datafield><datafield ind1=" " ind2=" " tag="852"><subfield code="a">70371</subfield><subfield code="c">533.9</subfield></datafield><datafield ind1=" " ind2=" " tag="CAT"><subfield code="a">Sys</subfield><subfield code="c">20100930</subfield><subfield code="h">113154</subfield></datafield></record></collection>